@book{handbook,
author = {Martin V. Zombeck},
title = {Handbook of Space Astronomy and Astrophysics},
year = {1990},
publisher = {Cambridge University Press},
edition = {2nd},
note = {ISBN: 0-521-34787-4. Recuperado el 2/4/2024 de https://ads.harvard.edu/books/hsaa/toc.html}
}

@unpublished{apuntes,
author = {Ignacio Neguerela Díez},
title = {Apuntes de Fundamentos de Astrofísica},
note = {Universidad de Alicante},
year = {2024}
}

@book{encyclopedia,
author = {Markus J. Aschwenden},
title = {Encyclopedia of the Solar System},
year = {2007},
publisher = {Academic Press},
note = {p.71, ISBN: 978-0-12-088589-3},
edition = {2nd}
}

@article{Puebla_2015,
   title={X-ray, UV and optical analysis of supergiants: ϵ Ori},
   volume={456},
   ISSN={1365-2966},
   url={http://dx.doi.org/10.1093/mnras/stv2783},
   DOI={10.1093/mnras/stv2783},
   number={3},
   journal={Monthly Notices of the Royal Astronomical Society},
   publisher={Oxford University Press (OUP)},
   author={Puebla, Raul E. and Hillier, D. John and Zsargó, Janos and Cohen, David H. and Leutenegger, Maurice A.},
   year={2015},
   month=dec, pages={2907–2936} }
   
@misc{CiteDrive2022,
  title        = {Simbad Astronomical database},
  author = {Strasbourg},
  publisher       = {Centre de Données astronomiques de Strasbourg.},
  year         = 2024,
  note         = {\url{https://simbad.u-strasbg.fr/simbad/} [Accessed: 4/4/2024]}
}

@article{Richard_2018,
   title={Stellar Parameters and Radial Velocities of Hot Stars in the Carina Nebula},
   volume={155},
   url={https://doi.org/10.3847/1538-3881/aab70d},
   DOI={10.3847/1538-3881/aab70d},
   number={5},
   journal={The Astronomical Journal},
   publisher={The American Astronomical Society},
   author={Richard J. Hanes, Virginia McSwain, Matthew S. Povich},
   year={2018},
   month=apr, pages={190} }